@Article{pavan,
  author =  {Pavan,Claunir,Morais ,R.M. ,J.R.F. da Rocha,Pinto, A.N. },
  title =   {Generation Realistic Optical Transport Network Topologies},
  volume =  {2},
  year =    {2010},
  journal =  {IEEE/OSA Journal of Optical Communications and Networking},
  pages =   {80-90}
}


@Article{girolimetto,
  author =  {Girolimetto,Marina , Gallupo, Rafael Augusto , Pavan, Claunir },
  title =   {Uma Ferramenta Livre para a Gera\c{c}\~{a}o de Topologias F\'{i}sicas de Redes de Telecomunica\c{c}\~{o}es},
  volume =  {2},
  year =    {2013},
  journal =  {SBRC - 31\textsuperscript{o} Simp\'{o}sio de Redes de Computadores e Sistemas Distribu\'{i}dos},
  pages =   {1135-1142}
}

@Mastersthesis{freitas,
  author =       {Freitas,Leandro Quintanilha de},
  title =        {Medidas de Centralidade em Grafos},
  school  =      {Universidade Federal do Rio de Janeiro},
  year =         {2010}
}
